@article{HughesArrows,
	title = "Generalising monads to arrows ",
	journal = "Science of Computer Programming ",
	volume = "37",
	number = "1â€“3",
	pages = "67 - 111",
	year = "2000",
	note = "",
	issn = "0167-6423",
	doi = "http://dx.doi.org/10.1016/S0167-6423(99)00023-4",
	url = "http://www.sciencedirect.com/science/article/pii/S0167642399000234",
	author = "John Hughes"
}

@article{monad_par_paper_2011,
	author = {Marlow, Simon and Newton, Ryan and Peyton Jones, Simon},
	title = {A Monad for Deterministic Parallelism},
	journal = {SIGPLAN Not.},
	issue_date = {December 2011},
	volume = {46},
	number = {12},
	month = sep,
	year = {2011},
	issn = {0362-1340},
	pages = {71--82},
	numpages = {12},
	url = {http://doi.acm.org/10.1145/2096148.2034685},
	doi = {10.1145/2096148.2034685},
	acmid = {2034685},
	publisher = {ACM},
	address = {New York, NY, USA},
	keywords = {haskell, parallel},
} 

@Inbook{programming_with_arrows,
	author="Hughes, John",
	editor="Vene, Varmo
	and Uustalu, Tarmo",
	title="Programming with Arrows",
	bookTitle="Advanced Functional Programming: 5th International School, AFP 2004, Tartu, Estonia, August 14 -- 21, 2004, Revised Lectures",
	year="2005",
	publisher="Springer Berlin Heidelberg",
	address="Berlin, Heidelberg",
	pages="73--129",
	isbn="978-3-540-31872-9",
	doi="10.1007/11546382_2",
	url="http://dx.doi.org/10.1007/11546382_2"
}

@Inbook{Loogen2012,
	author="Loogen, Rita",
	editor="Zs{\'o}k, Vikt{\'o}ria
	and Horv{\'a}th, Zolt{\'a}n
	and Plasmeijer, Rinus",
	title="Eden -- Parallel Functional Programming with Haskell",
	bookTitle="Central European Functional Programming School: 4th Summer School, CEFP 2011, Budapest, Hungary, June 14-24, 2011, Revised Selected Papers",
	year="2012",
	publisher="Springer Berlin Heidelberg",
	address="Berlin, Heidelberg",
	pages="142--206",
	isbn="978-3-642-32096-5",
	doi="10.1007/978-3-642-32096-5_4",
	url="http://dx.doi.org/10.1007/978-3-642-32096-5_4"
}

@online{eden_homepage,
	title="Eden Homepage",
	url="http://www.mathematik.uni-marburg.de/~eden/",
	note = "[Accessed on 01/12/2017]"
}

@online{marlow_parconc,
	title="Sample code for \enquote{Parallel and Concurrent Programming in Haskell}",
	author="Simon Marlow",
	url="https://github.com/simonmar/parconc-examples",
	note = "[Accessed on 01/12/2017]"
}

@online{multicore_hackage,
	title="Multicore's parallel package on Hackage",
	url="https://hackage.haskell.org/package/parallel-3.2.1.0",
	note = "[Accessed on 01/12/2017]"
}

@online{monad_par_hackage,
	title="ParMonad (Control.Monad.Par) on Hackage",
	url="https://hackage.haskell.org/package/monad-par-0.3.4.8/",
	note = "[Accessed on 01/12/2017]"
}

@online{eden_hackage,
	title="Eden Modules on Hackage",
	url="https://hackage.haskell.org/package/edenmodules-1.2.0.0/",
	note = "[Accessed on 01/12/2017]"
}

@online{eden_skel_shuffle,
	title="Eden Skeletons' Control.Parallel.Eden.Map package source code",
	url="https://hackage.haskell.org/package/edenskel-2.1.0.0/docs/src/Control-Parallel-Eden-Map.html",
	note = "[Accessed on 02/12/2017]"
}

@online{eden_skel_topology,
	title="Eden Skeletons' Control.Parallel.Eden.Topology package source code",
	url="https://hackage.haskell.org/package/edenskel-2.0.0.2/docs/Control-Parallel-Eden-Topology.html",
	note = "[Accessed on 03/17/2017]"
}

@inproceedings{eden_cefp,
	title="Eden -- Parallel Functional Programming with Haskell",
	author="Rita Loogen",
	url="http://www.mathematik.uni-marburg.de/~eden/paper/edenCEFP.pdf",
	Xnote = "[Accessed on 03/17/2017]",
	year = 2012,
	note = {\olcomment{FIXME, use normal cite!}}
}
